@InBook{Kopkac2004,
	author = {Helmut. KOPKA and Patrick W. DALY},
	title = {Guide to LaTeX},
	chapter = {Introduction},
	publisher = {Addison-Wesley},
	address = {Boston},
	year = {2004},
	edition = {4},
	ISBN = {03-2117-385-6},
}

@InBook{Rybicka2003,
	author = {Jiří RYBIČKA},
	title = {LaTeX pro začátečníky},
	chapter = {Základní informace},
	publisher = {Konvoj},
	address = {Brno},
	year = {2003},
	edition = {3},
	ISBN = {80-7302-049-1},
}

@Misc{Martinek2010,
	author = {David MARTINEK},
	title = {LaTeXové speciality},
	howpublished = {[online]},
	year = {rev. 25. únor 2010},
	note = {[vid. 2017-04-13]},
	url = {http://www.fit.vutbr.cz/~martinek/latex/index.html},
}

@Misc{Simecek2013,
	author = {Martin ŠIMEČEK},
	title = {LaTeX 1.\,--\,Co to je a proč se ho chtít učit?},
	howpublished = {[online]},
	year = {rev. 21. srpen 2013},
	note = {[vid. 2017-04-13]},
	url = {http://programujte.com/clanek/2013080500},
}

@Misc{Svamberg2001,
	author = {Michal ŠVAMBERG},
	title = {Jak na LaTeX: pronikáme hlouběji},
	howpublished = {[online]},
	year = {rev. 12. červenec 2001},
	note = {[vid. 2017-04-13]},
	url = {https://www.root.cz/clanky/jak-na-latex-pronikame-hloubeji},
}

@MastersThesis{Sokol2012,
	author = {Miroslav SOKOL},
	title = {Online LaTeX editor},
	school = {Vysoké učení technické v Brně. Fakulta informačních technologií. Ústav počítačové
		grafiky a multimédií},
	year = {2012},
	type = {Diplomová práce},
}

@MastersThesis{Simek2009,
	author = {Jiří ŠIMEK},
	title = {Transformace výrazů z Editoru Rovnic do LaTeXu},
	school = {Vysoké učení technické v Brně. Fakulta informačních technologií. Ústav informačních
		systémů},
	year = {2009},
	type = {Bakalářská práce},
}

@Inproceedings{MackiewiczJ2003Wtws,
	pages = {14 pp.},
	publisher = {IEEE},
	booktitle = {IEEE International Professional Communication Conference, 2003. IPCC 2003. Proceedings},
	isbn = {0780379497},
	year = {2003},
	title = {What technical writing students do know and should know about typography},
	author = {Mackiewicz, J},
}

@Article{DemaineErikD.2015FwfA,
	issn = {0304-3975},
	journal = {Theoretical Computer Science},
	pages = {111},
	volume = {586},
	publisher = {Elsevier B.V.},
	year = {2015},
	title = {Fun with fonts: Algorithmic typography},
	author = {Demaine, Erik D. and Demaine, Martin L.},
}

@Article{BangWong2011PovT,
	issn = {1548-7091},
	journal = {Nature Methods},
	pages = {277},
	volume = {8},
	publisher = {Nature Publishing Group},
	number = {4},
	year = {2011},
	title = {Points of view: Typography},
	author = {Bang Wong},
}
